@book{MLinProd,
    title={Machine Learning in Production},
    author={K{\"a}stner, Christian and Kumara, Eunsuk},
    year={2024},
    publisher={Carnegie Mellon University},
    url={https://mlip-cmu.github.io/book/},
    }

@InProceedings{Ma2024,
  author     = {Ma, Wanqin and Yang, Chenyang and K{\"a}stner, Christian},
  booktitle  = {Proceedings of the IEEE/ACM 3rd International Conference on AI Engineering - Software Engineering for AI},
  title      = {({W}hy) Is My Prompt Getting Worse? {R}ethinking Regression Testing for Evolving {LLM APIs}},
  year       = {2024},
  month      = apr,
  pages      = {166--171},
  publisher  = {ACM},
  series     = {CAIN 2024},
  collection = {CAIN 2024},
  doi        = {10.1145/3644815.3644950},
}

@InProceedings{Hong2025,
  author     = {Yining Hong and Christopher Timperley and Christian K{\"a}stner},
  booktitle  = {Proceedings of the IEEE/ACM 4th International Conference on AI Engineering - Software Engineering for AI},
  title      = {From Hazard Identification to Control Design: Proactive and {AI}-Supported Safety Engineering for {ML}-powered Systems},
  year       = {2025},
  month      = apr,
  publisher  = {ACM},
  series     = {CAIN 2025},
  collection = {CAIN 2025},
  doi       = {10.48550/arXiv.2502.07974},
}

@Comment{jabref-meta: databaseType:bibtex;}
